%% This BibTeX bibliography file was created using BibDesk.
%% http://bibdesk.sourceforge.net/


%% Created for Galyardt at 2014-08-21 22:49:39 -0400 


%% Saved with string encoding Unicode (UTF-8) 

@inproceedings{young2007random,
	title={Random dot product graph models for social networks},
	author={Young, Stephen J and Scheinerman, Edward R},
	booktitle={International Workshop on Algorithms and Models for the Web-Graph},
	pages={138--149},
	year={2007},
	organization={Springer}
}

@article{orbanz2015bayesian,
  title={Bayesian models of graphs, arrays and other exchangeable random structures},
  author={Orbanz, Peter and Roy, Daniel M},
  journal={IEEE transactions on pattern analysis and machine intelligence},
  volume={37},
  number={2},
  pages={437--461},
  year={2015},
  publisher={IEEE}
}

@article{hoff2002latent,
  title={Latent space approaches to social network analysis},
  author={Hoff, Peter D and Raftery, Adrian E and Handcock, Mark S},
  journal={Journal of the american Statistical association},
  volume={97},
  number={460},
  pages={1090--1098},
  year={2002},
  publisher={Taylor \& Francis}
}

@article{austin2013covariate,
  title={Covariate-defined latent space random effects model},
  author={Austin, Andrea and Linkletter, Crystal and Wu, Zhijin},
  journal={Social Networks},
  volume={35},
  number={3},
  pages={338--346},
  year={2013},
  publisher={Elsevier}
}

@article{caron2014sparse,
  title={Sparse graphs using exchangeable random measures},
  author={Caron, Francois and Fox, Emily B},
  journal={arXiv preprint arXiv:1401.1137},
  year={2014}
}

@inproceedings{chan2013estimation,
  title={Estimation of exchangeable graph models by stochastic blockmodel approximation},
  author={Chan, Stanley H and Costa, Thiago B and Airoldi, Edoardo M},
  booktitle={Global Conference on Signal and Information Processing (GlobalSIP), 2013 IEEE},
  pages={293--296},
  year={2013},
  organization={IEEE}
}

@article{kallenberg1990exchangeable,
  title={Exchangeable random measures in the plane},
  author={Kallenberg, Olav},
  journal={Journal of Theoretical Probability},
  volume={3},
  number={1},
  pages={81--136},
  year={1990},
  publisher={Springer}
}



@article{mantzaris2013dynamic,
  title={Dynamic network centrality summarizes learning in the human brain},
  author={Mantzaris, Alexander V and Bassett, Danielle S and Wymbs, Nicholas F and Estrada, Ernesto and Porter, Mason A and Mucha, Peter J and Grafton, Scott T and Higham, Desmond J},
  journal={Journal of Complex Networks},
  volume={1},
  number={1},
  pages={83--92},
  year={2013},
  publisher={Oxford University Press}
}

@article{sporns2007identification,
  title={Identification and classification of hubs in brain networks},
  author={Sporns, Olaf and Honey, Christopher J and K{\"o}tter, Rolf},
  journal={PloS one},
  volume={2},
  number={10},
  pages={e1049},
  year={2007},
  publisher={Public Library of Science}
}

@article{coifman2006diffusion,
  title={Diffusion maps},
  author={Coifman, Ronald R and Lafon, St{\'e}phane},
  journal={Applied and computational harmonic analysis},
  volume={21},
  number={1},
  pages={5--30},
  year={2006},
  publisher={Elsevier}
}

@article{heller2012consistent,
  title={A consistent multivariate test of association based on ranks of distances},
  author={Heller, Ruth and Heller, Yair and Gorfine, Malka},
  journal={Biometrika},
  pages={ass070},
  year={2012},
  publisher={Biometrika Trust}
}

@article{fosdick2015testing,
  title={Testing and modeling dependencies between a network and nodal attributes},
  author={Fosdick, Bailey K and Hoff, Peter D},
  journal={Journal of the American Statistical Association},
  volume={110},
  number={511},
  pages={1047--1056},
  year={2015},
  publisher={Taylor \& Francis}
}

@article{veitch2015class,
  title={The class of random graphs arising from exchangeable random measures},
  author={Veitch, Victor and Roy, Daniel M},
  journal={arXiv preprint arXiv:1512.03099},
  year={2015}
}


@article{szekely2007measuring,
  title={Measuring and testing dependence by correlation of distances},
  author={Sz{\'e}kely, G{\'a}bor J and Rizzo, Maria L and Bakirov, Nail K and others},
  journal={The Annals of Statistics},
  volume={35},
  number={6},
  pages={2769--2794},
  year={2007},
  publisher={Institute of Mathematical Statistics}
}

@article{szekely2013distance,
  title={The distance correlation t-test of independence in high dimension},
  author={Sz{\'e}kely, G{\'a}bor J and Rizzo, Maria L},
  journal={Journal of Multivariate Analysis},
  volume={117},
  pages={193--213},
  year={2013},
  publisher={Elsevier}
}


@article{szekely2013energy,
  title={Energy statistics: A class of statistics based on distances},
  author={Sz{\'e}kely, G{\'a}bor J and Rizzo, Maria L},
  journal={Journal of statistical planning and inference},
  volume={143},
  number={8},
  pages={1249--1272},
  year={2013},
  publisher={Elsevier}
}

@article{lyons2013distance,
  title={Distance covariance in metric spaces},
  author={Lyons, Russell and others},
  journal={The Annals of Probability},
  volume={41},
  number={5},
  pages={3284--3305},
  year={2013},
  publisher={Institute of Mathematical Statistics}
}



@article{lee2006distance,
  title={Distance scales, embeddings, and metrics of negative type},
  author={Lee, James R},
  journal={University of California, Berkeley},
  year={2006}
}


@article{tang2010graph,
  title={Graph metrics and dimension reduction},
  author={Tang, Minh and Trosset, Michael},
  journal={Indiana University, Indianapolis, IN},
  year={2010}
}


@article{lafon2006diffusion,
  title={Diffusion maps and coarse-graining: A unified framework for dimensionality reduction, graph partitioning, and data set parameterization},
  author={Lafon, Stephane and Lee, Ann B},
  journal={IEEE transactions on pattern analysis and machine intelligence},
  volume={28},
  number={9},
  pages={1393--1403},
  year={2006},
  publisher={IEEE}
}


@article{karrer2011stochastic,
  title={Stochastic blockmodels and community structure in networks},
  author={Karrer, Brian and Newman, Mark EJ},
  journal={Physical Review E},
  volume={83},
  number={1},
  pages={016107},
  year={2011},
  publisher={APS}
}


@article{pinquart2000influences,
  title={Influences of socioeconomic status, social network, and competence on subjective well-being in later life: a meta-analysis.},
  author={Pinquart, Martin and S{\"o}rensen, Silvia},
  journal={Psychology and aging},
  volume={15},
  number={2},
  pages={187},
  year={2000},
  publisher={American Psychological Association}
}

@article{ellison2007benefits,
  title={The benefits of Facebook “friends:” Social capital and college students’ use of online social network sites},
  author={Ellison, Nicole B and Steinfield, Charles and Lampe, Cliff},
  journal={Journal of Computer-Mediated Communication},
  volume={12},
  number={4},
  pages={1143--1168},
  year={2007},
  publisher={Wiley Online Library}
}


@inproceedings{gross2005information,
  title={Information revelation and privacy in online social networks},
  author={Gross, Ralph and Acquisti, Alessandro},
  booktitle={Proceedings of the 2005 ACM workshop on Privacy in the electronic society},
  pages={71--80},
  year={2005},
  organization={ACM}
}

@article{barabasi2004network,
  title={Network biology: understanding the cell's functional organization},
  author={Barabasi, Albert-Laszlo and Oltvai, Zoltan N},
  journal={Nature reviews genetics},
  volume={5},
  number={2},
  pages={101--113},
  year={2004},
  publisher={Nature Publishing Group}
}


@article{pujol2010unveiling,
  title={Unveiling the role of network and systems biology in drug discovery},
  author={Pujol, Albert and Mosca, Roberto and Farr{\'e}s, Judith and Aloy, Patrick},
  journal={Trends in pharmacological sciences},
  volume={31},
  number={3},
  pages={115--123},
  year={2010},
  publisher={Elsevier}
}


@article{raftery2012fast,
  title={Fast inference for the latent space network model using a case-control approximate likelihood},
  author={Raftery, Adrian E and Niu, Xiaoyue and Hoff, Peter D and Yeung, Ka Yee},
  journal={Journal of Computational and Graphical Statistics},
  volume={21},
  number={4},
  pages={901--919},
  year={2012},
  publisher={Taylor \& Francis}
}


@article{palla2012infinite,
  title={An infinite latent attribute model for network data},
  author={Palla, Konstantina and Knowles, David and Ghahramani, Zoubin},
  journal={arXiv preprint arXiv:1206.6416},
  year={2012}
}

@article{banerjee2013diffusion,
  title={The diffusion of microfinance},
  author={Banerjee, Abhijit and Chandrasekhar, Arun G and Duflo, Esther and Jackson, Matthew O},
  journal={Science},
  volume={341},
  number={6144},
  pages={1236498},
  year={2013},
  publisher={American Association for the Advancement of Science}
}


@article{howard2016understanding,
  title={Understanding network formation in strategy research: Exponential random graph models},
  author={Howard, Michael and Cox Pahnke, Emily and Boeker, Warren and others},
  journal={Strategic Management Journal},
  volume={37},
  number={1},
  pages={22--44},
  year={2016},
  publisher={Wiley Online Library}
}


@article{wasserman1996logit,
  title={Logit models and logistic regressions for social networks: I. An introduction to Markov graphs andp},
  author={Wasserman, Stanley and Pattison, Philippa},
  journal={Psychometrika},
  volume={61},
  number={3},
  pages={401--425},
  year={1996},
  publisher={Springer}
}


@article{christakis2007spread,
  title={The spread of obesity in a large social network over 32 years},
  author={Christakis, Nicholas A and Fowler, James H},
  journal={New England journal of medicine},
  volume={357},
  number={4},
  pages={370--379},
  year={2007},
  publisher={Mass Medical Soc}
}

@article{christakis2008collective,
  title={The collective dynamics of smoking in a large social network},
  author={Christakis, Nicholas A and Fowler, James H},
  journal={New England journal of medicine},
  volume={358},
  number={21},
  pages={2249--2258},
  year={2008},
  publisher={Mass Medical Soc}
}


@article{holland1983stochastic,
  title={Stochastic blockmodels: First steps},
  author={Holland, Paul W and Laskey, Kathryn Blackmond and Leinhardt, Samuel},
  journal={Social networks},
  volume={5},
  number={2},
  pages={109--137},
  year={1983},
  publisher={Elsevier}
}

@article{lovasz2006limits,
  title={Limits of dense graph sequences},
  author={Lov{\'a}sz, L{\'a}szl{\'o} and Szegedy, Bal{\'a}zs},
  journal={Journal of Combinatorial Theory, Series B},
  volume={96},
  number={6},
  pages={933--957},
  year={2006},
  publisher={Elsevier}
}

@article{bartlett2014dna,
  title={A DNA methylation network interaction measure, and detection of network oncomarkers},
  author={Bartlett, Thomas E and Olhede, Sofia C and Zaikin, Alexey},
  journal={PloS one},
  volume={9},
  number={1},
  pages={e84573},
  year={2014},
  publisher={Public Library of Science}
}
