%% This BibTeX bibliography file was created using BibDesk.
%% http://bibdesk.sourceforge.net/


%% Created for Galyardt at 2014-08-21 22:49:39 -0400 



@article{ChenShenVogelsteinPriebe2016,
  Author = {L. Chen and C. Shen and J. T. Vogelstein and C. E. Priebe},
  Date-Modified = {2014-07-07 18:14:59 +0000},
  Journal = {IEEE Transactions on Pattern Analysis and Machine Intelligence},
  Title = {Robust Vertex Classification},
  Number = {3},
  Pages = {578-590},
  Volume = {38},
  Year = {2016}}

  @article{coifman2006diffusion,
  title={Diffusion maps},
  author={Coifman, Ronald R and Lafon, St{\'e}phane},
  journal={Applied and computational harmonic analysis},
  volume={21},
  number={1},
  pages={5--30},
  year={2006},
  publisher={Elsevier}
}

@article{coifman2005geometric,
  title={Geometric diffusions as a tool for harmonic analysis and structure definition of data: Diffusion maps},
  author={Coifman, Ronald R and Lafon, Stephane and Lee, Ann B and Maggioni, Mauro and Nadler, Boaz and Warner, Frederick and Zucker, Steven W},
  journal={Proceedings of the National Academy of Sciences of the United States of America},
  volume={102},
  number={21},
  pages={7426--7431},
  year={2005},
  publisher={National Acad Sciences}
}

  @article{diaconis1980finite,
  title={Finite exchangeable sequences},
  author={Diaconis, Persi and Freedman, David},
  journal={The Annals of Probability},
  pages={745--764},
  year={1980},
  publisher={JSTOR}
}


@article{erdosrenyi1959,
  title={On Random Graphs. I},
  author={Erdos, P and Renyi, A},
  journal={Publicationes Mathematicae},
  volume={6},
  pages={290-297},
  year={1959}
}



@article{fosdick2015testing,
  title={Testing and modeling dependencies between a network and nodal attributes},
  author={Fosdick, Bailey K and Hoff, Peter D},
  journal={Journal of the American Statistical Association},
  volume={110},
  number={511},
  pages={1047--1056},
  year={2015},
  publisher={Taylor \& Francis}
}



@article{Gilbert1959,
  title={Random Graphs},
  author={Gilbert, E.N.},
  journal={Annals of Mathematical Statistics},
  volume={30},
  number={4},
  pages={1141-1144},
  year={1959}
}


@article{GrettonGyorfi2010,
  Author = {A. Gretton and L. Gyorfi},
  Date-Added = {2014-07-22 13:44:56 +0000},
  Date-Modified = {2014-07-22 14:06:50 +0000},
  Journal = {Journal of Machine Learning Research},
  Pages = {1391--1423},
  Title = {Consistent Nonparametric Tests of Independence},
  Volume = {11},
  Year = {2010}}


 @article{HellerGorfine2013,
  Author = {R. Heller and Y. Heller and M. Gorfine},
  Date-Added = {2014-07-22 13:44:56 +0000},
  Date-Modified = {2014-07-22 14:06:50 +0000},
  Journal = {Biometrika},
        Number={2},
  Pages = {503--510},
  Title = {A consistent multivariate test of association based on ranks of distances},
  Volume = {100},
  Year = {2013}}


@article{heller2016consistent,
  title={Consistent distribution-free $K$-sample and independence tests for univariate random variables},
  author={Heller, Ruth and Heller, Yair and Kaufman, Shachar and Brill, Barak and Gorfine, Malka},
  journal={Journal of Machine Learning Research},
  volume={17},
  number={29},
  pages={1--54},
  year={2016}
}


@article{HollandEtAl1983,
  Author = {P. Holland and K. Laskey and S. Leinhardt},
  Date-Modified = {2014-07-28 18:45:06 +0000},
  Journal = {Social Networks},
  Number = {2},
  Pages = {109-137},
  Publisher = {North-Holland},
  Title = {Stochastic Blockmodels: First Steps},
  Volume = {5},
  Year = {1983}}

@article{howard2016understanding,
  title={Understanding network formation in strategy research: Exponential random graph models},
  author={Howard, Michael and Cox Pahnke, Emily and Boeker, Warren and others},
  journal={Strategic Management Journal},
  volume={37},
  number={1},
  pages={22--44},
  year={2016},
  publisher={Wiley Online Library}
}


@article{karrer2011stochastic,
  title={Stochastic blockmodels and community structure in networks},
  author={Karrer, Brian and Newman, Mark EJ},
  journal={Physical Review E},
  volume={83},
  number={1},
  pages={016107},
  year={2011},
  publisher={APS}
}


@article{kiar2016science,
  title={Science In the Cloud (SIC): A use case in MRI Connectomics},
  author={Kiar, Gregory and Gorgolewski, Krzysztof J and Kleissas, Dean and Roncal, William Gray and Litt, Brian and Wandell, Brian and Poldrack, Russel A and Wiener, Martin and Vogelstein, R Jacob and Burns, Randal and others},
  journal={arXiv preprint arXiv:1610.08484},
  year={2016}
}

@misc{kiar2016ndmg,
  title={ndmg: NeuroDataâ€™s MRI Graphs pipeline},
author={Kiar, Gregory and Roncal, W Gray and Mhembere, D and Bridgeford, E and Burns, R and Vogelstein, J},
year={2016a},
  publisher={Zenodo. Available at: http://zenodo. org/record/60206}
}



@book{KoroljukBook,
  Author = {Koroljuk, V. S. and Borovskich, Yu. V},
  Date-Added = {2014-06-30 14:01:34 +0000},
  Date-Modified = {2014-06-30 14:02:38 +0000},
  Publisher = {Springer Science+Business Media Dordrecht},
  Title = {Theory of U-statistics},
  Year = {1994}}


 @article{lafon2006diffusion,
  title={Diffusion maps and coarse-graining: A unified framework for dimensionality reduction, graph partitioning, and data set parameterization},
  author={Lafon, Stephane and Lee, Ann B},
  journal={IEEE transactions on pattern analysis and machine intelligence},
  volume={28},
  number={9},
  pages={1393--1403},
  year={2006},
  publisher={IEEE}
}


@article{Lei2015,
  title={Consistency of spectral clustering in stochastic block models},
  author={Lei, Jing and Rinaldo, Alessandro},
  journal={The Annals of Statistics},
  volume={43},
  number={1},
  pages={215-237},
  year={2015}
}



@article{LiZhongZhu2012,
  Author = {R. Li and W. Zhong and L. Zhu},
  Date-Added = {2014-07-22 13:44:56 +0000},
  Date-Modified = {2014-07-22 14:06:50 +0000},
  Journal = {Journal of American Statistical Association},
  Pages = {1129-1139},
  Title = {Feature Screening via Distance Correlation Learning},
  Volume = {107},
  Year = {2012}}
    
@article{Mantel1967,
  Author = {N. Mantel},
  Date-Added = {2014-07-22 13:44:56 +0000},
  Date-Modified = {2014-07-22 14:06:50 +0000},
  Journal = {Cancer Research},
        number= {2},
  Pages = {209--220},
  Title = {The detection of disease clustering and a generalized regression approach},
  Volume = {27},
  Year = {1967}}


@article{orbanz2015bayesian,
  title={Bayesian models of graphs, arrays and other exchangeable random structures},
  author={Orbanz, Peter and Roy, Daniel M},
  journal={IEEE transactions on pattern analysis and machine intelligence},
  volume={37},
  number={2},
  pages={437--461},
  year={2015},
  publisher={IEEE}
}


  
@article{Pearson1895,
  Author = {K. Pearson},
  Date-Modified = {2014-06-02 20:56:30 +0000},
  Journal = {Proceedings of the Royal Society of London},
  Pages = {240-242},
  Title = {Notes on regression and inheritance in the case of two parents},
  Volume = {58},
  Year = {1895}}

@article{RizzoSzekely2016,
  Author = {M. Rizzo and G. Sz{\'e}kely},
  Date-Added = {2014-07-22 13:44:56 +0000},
  Date-Modified = {2014-07-22 14:06:50 +0000},
  Journal = {Wiley Interdisciplinary Reviews: Computational Statistics},
  Number = {1},
  Pages = {27-38},
  Title = {Energy distance},
  Volume = {8},
  Year = {2016}}


 @article{rohe2011spectral,
  title={Spectral clustering and the high-dimensional stochastic blockmodel},
  author={Rohe, Karl and Chatterjee, Sourav and Yu, Bin},
  journal={The Annals of Statistics},
  pages={1878--1915},
  year={2011},
  publisher={JSTOR}
}


@article{shen2016discovering,
  title={Discovering Relationships Across Disparate Data Modalities},
  author={Shen, Cencheng and Priebe, Carey E and Maggioni, Mauro and Vogelstein, Joshua T},
  journal={arXiv preprint arXiv:1609.05148},
  year={2017}
}

@article{sussman2014consistent,
  title={Consistent latent position estimation and vertex classification for random dot product graphs},
  author={Sussman, Daniel L and Tang, Minh and Priebe, Carey E},
  journal={IEEE transactions on pattern analysis and machine intelligence},
  volume={36},
  number={1},
  pages={48--57},
  year={2014},
  publisher={IEEE}
}
  
@article{SussmanEtAl2012,
  Author = {D. Sussman and M. Tang and D. Fishkind and C. Priebe},
  Date-Modified = {2014-07-28 18:44:37 +0000},
  Journal = {Journal of the American Statistical Association},
  Number = {499},
  Pages = {1119-1128},
  Publisher = {Taylor \& Francis Group},
  Title = {A Consistent Adjacency Spectral Embedding for Stochastic Blockmodel Graphs},
  Volume = {107},
  Year = {2012}}


@article{szekely2013distance,
  title={The distance correlation t-test of independence in high dimension},
  author={Sz{\'e}kely, G{\'a}bor J and Rizzo, Maria L},
  journal={Journal of Multivariate Analysis},
  volume={117},
  pages={193--213},
  year={2013},
  publisher={Elsevier}
}

@article{szekely2007measuring,
  title={Measuring and testing dependence by correlation of distances},
  author={Sz{\'e}kely, G{\'a}bor J and Rizzo, Maria L and Bakirov, Nail K and others},
  journal={The Annals of Statistics},
  volume={35},
  number={6},
  pages={2769--2794},
  year={2007},
  publisher={Institute of Mathematical Statistics}
}

@article{SzekelyRizzo2013a,
  Author = {G. Sz{\'e}kely and M. Rizzo},
  Date-Added = {2014-07-22 13:44:56 +0000},
  Date-Modified = {2014-07-22 14:06:50 +0000},
  Journal = {Journal of Multivariate Analysis},
  Pages = {193--213},
  Title = {The distance correlation t-test of independence in high dimension},
  Volume = {117},
  Year = {2013}}


@article{SzekelyRizzo2014,
  Author = {G. Sz{\'e}kely and M. Rizzo},
  Date-Added = {2014-07-22 13:44:56 +0000},
  Date-Modified = {2014-07-22 14:06:50 +0000},
  Journal = {Annals of Statistics},
        Number= {6},
  Pages = {2382-2412},
  Title = {Partial distance correlation with methods for dissimilarities},
  Volume = {42},
  Year = {2014}}


@article{TangSussmanPriebe2013,
  Author = {M. Tang and D. L. Sussman and C. E. Priebe},
  Date-Added = {2014-07-07 18:06:51 +0000},
  Date-Modified = {2014-07-07 18:08:03 +0000},
  Journal = {Annals of Statistics},
  Number = {3},
  Pages = {1406-1430},
  Title = {Universally consistent vertex classification for latent positions graphs},
  Volume = {41},
  Year = {2013}}


 @article{wasserman1996logit,
  title={Logit models and logistic regressions for social networks: I. An introduction to Markov graphs andp},
  author={Wasserman, Stanley and Pattison, Philippa},
  journal={Psychometrika},
  volume={61},
  number={3},
  pages={401--425},
  year={1996},
  publisher={Springer}
}


 @inproceedings{YoungScheinerman2007,
  Annote = {SBM},
  Author = {S. Young and E. Scheinerman},
  Booktitle = {Algorithms and Models for the Web-Graph},
  Date-Modified = {2014-07-28 18:44:55 +0000},
  Pages = {138-149},
  Publisher = {Springer Berlin Heidelberg},
  Title = {Random Dot Product Graph Models for Social Networks},
  Year = {2007}}


  @article{zhang2017large,
  title={Large-scale kernel methods for independence testing},
  author={Zhang, Qinyi and Filippi, Sarah and Gretton, Arthur and Sejdinovic, Dino},
  journal={Statistics and Computing},
  pages={1--18},
  year={2017},
  publisher={Springer}
}


@article{ZhaoLevinaZhu2012,
  Author = {Y. Zhao and E. Levina and J. Zhu},
  Date-Added = {2014-07-07 18:10:51 +0000},
  Date-Modified = {2014-07-07 18:12:07 +0000},
  Journal = {Annals of Statistics},
  Number = {4},
  Pages = {2266-2292},
  Title = {Consistency of Community Detection in Networks under Degree-Corrected Stochastic Block Models},
  Volume = {40},
  Year = {2012}}


  @article{ZhuGhodsi2006,
  Author = {M. Zhu and A. Ghodsi},
  Date-Modified = {2014-06-02 20:30:24 +0000},
  Journal = {Computational Statistics and Data Analysis},
  Pages = {918-930},
  Title = {Automatic Dimensionality Selection from the scree plot via the use of profile likelihood},
  Volume = {51},
  Year = {2006}} 
  
    @article{InoueTaylor2006,
  Author = {H. Inoue and R. Taylor},
  Date-Modified = {2014-06-02 20:30:24 +0000},
  Journal = {Stochastic Analysis and Applications},
  Pages = {263-275},
  Title = {Laws of Large Numbers for Exchangeable Random Sets in Kuratowski-Mosco Sense},
  Volume = {24},
  Number={2},
  Year = {2006}} 
  
      @article{Leto2017,
  Author = {Leto Peel and Daniel B. Larremore and Aaron Clauset},
  Date-Modified = {2014-06-02 20:30:24 +0000},
  Journal = {Science Advances},
  Title = {The ground truth about metadata and community detection in networks},
  Year = {2017}} 



