% scibib.bib

@article{orbanz2015bayesian,
	title={Bayesian models of graphs, arrays and other exchangeable random structures},
	author={Orbanz, Peter and Roy, Daniel M},
	journal={IEEE transactions on pattern analysis and machine intelligence},
	volume={37},
	number={2},
	pages={437--461},
	year={2015},
	publisher={IEEE}
}








